@book{ia-sep,
	author={Rambo, Alice},
	title={Sistemas Expertos Probabil√≠sticos},
	subtitle={Inteligencia Artificial y Sistemas Expertos: Clase 7}
}

