@article{cabrera2010,
	author={Cabrera, Mariana Maceiras and Edye, Ernesto Ocampo},
	title={Integration of Rule Based Experte Systems and Case Based Reasoning in
	an Acute Bacterial Meningitis Clinical Decision Support System},
	journaltitle={International Journal of Computer Science and Information
		Security},
	volume={7},
	number={2},
	year={2010}
}

@article{seto2012,
	author={Seto, Emily and Leonard, Kevin J. and Cafazzo, Joseph A. and
		Barnsley, Jan and Masino, Caterina and Ross, Heather J.},
	title={Developing Healthcare Rule-Based Expert Systems: Case Study of a Heart
	Failure Telemonitoring System},
	journaltitle={International Journal of Medical Informatics},
	number={81},
	year={2012}
}


