@online{hopfield1,
	author={ETSIIUNED},
	title={Redes de Hopfield},
	date={2014},
	url={http://etsiiuned.blogspot.com/2014/04/redes-de-hopfield.html}
}

@book{ia-hopfield,
	author={Rambo, Alice},
	title={Redes Neuronales, Introducci√≥n},
	subtitle={Clase 10},
	pages={25}
}

